<?xml version="1.0" encoding="UTF-8"?><collection xmlns="http://www.loc.gov/MARC21/slim"><record><leader>00419nam--2200145-i-4500</leader><controlfield tag="001">000012418</controlfield><controlfield tag="002">20161230</controlfield><controlfield tag="005">20161230201029</controlfield><controlfield tag="008">060222s1000------------r-----000-0-eng-d</controlfield><datafield ind1=" " ind2=" " tag="080"><subfield code="a">612(061.3)</subfield></datafield><datafield ind1=" " ind2=" " tag="245"><subfield code="a">Compartments pools and spaces in medical physi ology</subfield></datafield><datafield ind1=" " ind2=" " tag="260"><subfield code="a">Oak Ridge, U.S.Atomic Commission, 1967 521 P</subfield></datafield><datafield ind1=" " ind2=" " tag="490"><subfield code="a">Aec 11 Symposium Series</subfield></datafield><datafield ind1=" " ind2=" " tag="700"><subfield code="a">Pererik E., Bergner, C.C.Lushbaugh</subfield></datafield><datafield ind1=" " ind2=" " tag="852"><subfield code="a">37697</subfield></datafield></record></collection>